<?xml version="1.0" encoding="UTF-8"?><record xmlns="http://www.loc.gov/MARC21/slim" xmlns:cinclude="http://apache.org/cocoon/include/1.0" xmlns:zs="http://www.loc.gov/zing/srw/">
  <leader>01064cz  a2200217n  4500</leader>
  <controlfield tag="001">n  84748868 </controlfield>
  <controlfield tag="003">DLC</controlfield>
  <controlfield tag="005">20081121081841.0</controlfield>
  <controlfield tag="008">840917n| acacaaaan          |a ana      </controlfield>
  <datafield tag="010" ind1=" " ind2=" ">
    <subfield code="a">n  84748868 </subfield>
  </datafield>
  <datafield tag="035" ind1=" " ind2=" ">
    <subfield code="a">(OCoLC)oca01187455</subfield>
  </datafield>
  <datafield tag="040" ind1=" " ind2=" ">
    <subfield code="a">DLC</subfield>
    <subfield code="b">eng</subfield>
    <subfield code="c">DLC</subfield>
    <subfield code="d">DLC</subfield>
    <subfield code="d">OCoLC</subfield>
  </datafield>
  <datafield tag="130" ind1=" " ind2="0">
    <subfield code="a">Kalikātā Biśvabidyālaẏa Rājā Rāmamohana Rāẏa smāraka baktr̥tāmālā</subfield>
  </datafield>
  <datafield tag="430" ind1=" " ind2="0">
    <subfield code="a">Rājā Rāmamohana Rāẏa smāraka baktr̥tāmālā</subfield>
  </datafield>
  <datafield tag="430" ind1=" " ind2="0">
    <subfield code="a">Rāmamohana Rāẏa smāraka baktr̥tāmālā</subfield>
  </datafield>
  <datafield tag="430" ind1=" " ind2="0">
    <subfield code="a">Rāẏa smāraka baktr̥tāmālā</subfield>
  </datafield>
  <datafield tag="410" ind1="2" ind2=" ">
    <subfield code="a">University of Calcutta.</subfield>
    <subfield code="t">Rājā Rāmamohana Rāẏa smāraka baktr̥tāmālā</subfield>
  </datafield>
  <datafield tag="410" ind1="2" ind2=" ">
    <subfield code="a">University of Calcutta.</subfield>
    <subfield code="t">Kalikātā Biśvabidyālaẏa Rājā Rāmamohana Rāẏa smāraka baktr̥tāmālā</subfield>
  </datafield>
  <datafield tag="643" ind1=" " ind2=" ">
    <subfield code="a">Kalakata</subfield>
    <subfield code="b">Ke. Pi. Bāgacī</subfield>
  </datafield>
  <datafield tag="667" ind1=" " ind2=" ">
    <subfield code="a">Give as a quoted note if not already recorded in the body of the entry</subfield>
  </datafield>
  <datafield tag="670" ind1=" " ind2=" ">
    <subfield code="a">Mukhopādhyāẏa, Amitābha. Jātibhedaprathā o uniśa śatakera Bāṅgālī samāja, 1981:</subfield>
    <subfield code="b">t.p.</subfield>
  </datafield>
</record>